<?xml version="1.0" encoding="UTF-8" ?>
<collection xmlns:xsi="http://www.w3.org/2001/XMLSchema-instance"
    xsi:schemaLocation="http://www.loc.gov/MARC21/slim
        http://www.loc.gov/standards/marcxml/schema/MARC21slim.xsd"
    xmlns="http://www.loc.gov/MARC21/slim">
<record>
  <leader>00217cam a2200397 i 4500</leader>
  <controlfield tag="001">b12501992</controlfield>
  <controlfield tag="003">LeBAU</controlfield>
  <controlfield tag="005">20190607</controlfield>
  <controlfield tag="008">970703s1923    ua acf        ||1 0 ara d</controlfield>
  <datafield tag="035" ind1=" " ind2=" ">
    <subfield code="a">ocn784362499</subfield>
  </datafield>
  <datafield tag="040" ind1=" " ind2=" ">
    <subfield code="a">LEAUB</subfield>
    <subfield code="b">ara</subfield>
    <subfield code="e">rda</subfield>
    <subfield code="c">LEAUB</subfield>
    <subfield code="d">LEAUB</subfield>
  </datafield>
  <datafield tag="082" ind1="0" ind2="4">
    <subfield code="a">716</subfield>
    <subfield code="2">20</subfield>
  </datafield>
  <datafield tag="100" ind1="1" ind2=" ">
    <subfield code="6">880-01</subfield>
    <subfield code="a">Ghannām, ʻAbd al-Ghanī,</subfield>
    <subfield code="e">author.</subfield>
  </datafield>
  <datafield tag="245" ind1="1" ind2="0">
    <subfield code="6">880-02</subfield>
    <subfield code="a">Ḥadāʼiq al-azhār /</subfield>
    <subfield code="c">taʼlīf ʻAbd al-Ghanī Ghannām, khirrīj Madrasat al-Zirāʻah al-ʻUlyā bi-al-Jīzah wa-nāẓir Madrasat al-Zirāʻah al-Mutawassiṭah bi-Damanhūr, wa-ustādh fann filāḥat al-basātīn.</subfield>
  </datafield>
  <datafield tag="264" ind1=" " ind2="1">
    <subfield code="6">880-03</subfield>
    <subfield code="a">[Damanhūr] :</subfield>
    <subfield code="b">Maṭbaʻat Madrasat Damanhūr al-Ṣināʻīyah,</subfield>
    <subfield code="c">1342 H. = 1923 M.</subfield>
  </datafield>
  <datafield tag="300" ind1=" " ind2=" ">
    <subfield code="6">880-04</subfield>
    <subfield code="a">a-b, 361 page, 3 unnumbered leaves of plates :</subfield>
    <subfield code="b">illustrations, frontispiece ;</subfield>
    <subfield code="c">24 cm</subfield>
  </datafield>
  <datafield tag="336" ind1=" " ind2=" ">
    <subfield code="a">text</subfield>
    <subfield code="b">txt</subfield>
    <subfield code="2">rdacontent</subfield>
  </datafield>
  <datafield tag="336" ind1=" " ind2=" ">
    <subfield code="a">still image</subfield>
    <subfield code="b">sti</subfield>
    <subfield code="2">rdacontent</subfield>
  </datafield>
  <datafield tag="337" ind1=" " ind2=" ">
    <subfield code="a">unmediated</subfield>
    <subfield code="b">n</subfield>
    <subfield code="2">rdamedia</subfield>
  </datafield>
  <datafield tag="338" ind1=" " ind2=" ">
    <subfield code="a">volume</subfield>
    <subfield code="b">nc</subfield>
    <subfield code="2">rdacarrier</subfield>
  </datafield>
  <datafield tag="505" ind1="0" ind2=" ">
    <subfield code="a">حدائق الأزهار: حديقة الأزهار -- دورة الأزهار -- الأزهار الحولية -- الأزهار ذات السنتين -- الأزهار المعمرة -- تكاثر الأزهار -- الخدمة بعد الزرع -- الحصول على التقاوى -- العمال وعملهم في الحديقة -- قطف الأزهار وحفظها -- تفريغ ونقل الشتلة من أصيص إلى أصيص أخرى -- إستخراج الروائح العطرية -- تثبيت الزيوت الطيارة -- تزريب الأزهار -- تلوين الأزهار المقطوفة --تخطيط الحدائق: مقدمة تاريخية -- التخطيط -- تقسيم محيط الدائرة إلى أقسام متساوية -- طريقة رسم شكل نمرة 12 وما يليه من أشكال أحواض الأزهار المختلفة -- الآلات المستعملة في البستان -- الصوبة -- الصناديق الزجاجية -- الأزهار: الأزهار الحولية (الحولية الشتوية والحولية الصيفية) -- الأزهار ذات السنتين -- أزهار ونباتات الزينة المعمرة: نباتات الصوب الورقية الغير مزهرة -- الأعشاب الورقية -- شجيرات وأشجار الزينة الورقية المعمرة -- نباتات الصوب المزهرة المعمرة -- نباتات الزينة الورقية التي تنمو في العراء: الأعشاب (أعشاب الكيناوات -- الأعشاب العطرية -- الأعشاب الورقية التي تزرع داخل الأحواض) -- الشجيرات -- الأشجار -- نباتات الزينة المزهرة التي تنمو في العراء: الأعشاب -- الأبصال الزهرية -- أشهر أنواع الأبصال التي تنمو بمصر بنجاح -- الشجيرات المزهرة المعمرة التي تنمو في العراء -- الورد -- الأشجار المزهرة التي تزرع في العراء -- المسطحات الخضراء: ليبيا -- نجيل -- جازون -- حشيش الجاموس الأمريكاني -- بوتنتلا ريبنز -- المتسلقات -- الأسيجة: الأسيجة الشائكة -- أسيجة الزينة -- مصدات الرياح -- الكيناوات أو الإطارات -- الجبلايات الطبيعية والصناعية والنباتات التي تنمو بها -- نباتات الزينة المائية -- الدوالي أو التعاليق أو نباتات السلال -- طاقات أو باقات الأزهار والأكاليل والكتابة بالزهر أو بأعشاب الكيناوات -- تقويم حدائق الأزهار -- غرائب التبات -- البعث والنشور في النباتات.</subfield>
  </datafield>
  <datafield tag="650" ind1=" " ind2="4">
    <subfield code="a">الأزهار.</subfield>
  </datafield>
  <datafield tag="650" ind1=" " ind2="4">
    <subfield code="a">الأزهار</subfield>
    <subfield code="z">مصر.</subfield>
  </datafield>
  <datafield tag="650" ind1=" " ind2="4">
    <subfield code="a">تنسيق الحدائق</subfield>
    <subfield code="z">مصر.</subfield>
  </datafield>
  <datafield tag="650" ind1=" " ind2="0">
    <subfield code="a">Flowers.</subfield>
  </datafield>
  <datafield tag="650" ind1=" " ind2="0">
    <subfield code="a">Flowers</subfield>
    <subfield code="z">Egypt.</subfield>
  </datafield>
  <datafield tag="650" ind1=" " ind2="0">
    <subfield code="a">Landscape gardening</subfield>
    <subfield code="z">Egypt.</subfield>
  </datafield>
  <datafield tag="852" ind1=" " ind2=" ">
    <subfield code="a">Science and Agriculture Library</subfield>
    <subfield code="e">American University of Beirut, Bliss Street, Beirut, Lebanon.‎</subfield>
  </datafield>
  <datafield tag="880" ind1="1" ind2=" ">
    <subfield code="6">100-01/(3/r</subfield>
    <subfield code="a">غنام، عبد الغني،</subfield>
    <subfield code="e">مؤلف. </subfield>
    <subfield code="4">aut.</subfield>
  </datafield>
  <datafield tag="880" ind1="1" ind2="0">
    <subfield code="6">245-02/(3/r</subfield>
    <subfield code="a">حدائق الأزهار /</subfield>
    <subfield code="c">تأليف عبد الغني غنام، خريج مدرسة الزراعة العليا بالجيزة وناظر مدرسة الزراعة المتوسطة بدمنهور، وأستاذ فن فلاحة البساتين.</subfield>
  </datafield>
  <datafield tag="880" ind1=" " ind2="1">
    <subfield code="6">264-03/(3/r</subfield>
    <subfield code="a">[دمنهور] :</subfield>
    <subfield code="b">مطبعة مدرسة دمنهور الصناعية،</subfield>
    <subfield code="c">1342 هـ. = 1923 م.</subfield>
  </datafield>
  <datafield tag="880" ind1=" " ind2=" ">
    <subfield code="6">300-04/(3/r</subfield>
    <subfield code="a">أ-ب، 361 صفحة، 3 ورقات لوحات غير مرقمة :</subfield>
    <subfield code="b">مصورات، صورة شخصانية في الواجهة ؛</subfield>
    <subfield code="c">24 سم</subfield>
  </datafield>
  <datafield tag="907" ind1=" " ind2=" ">
    <subfield code="a">.b12501992</subfield>
    <subfield code="b">19-06-07</subfield>
    <subfield code="c">11-05-24</subfield>
  </datafield>
  <datafield tag="907" ind1=" " ind2=" ">
    <subfield code="a">.b12501992</subfield>
    <subfield code="b">15-10-15</subfield>
    <subfield code="c">11-05-24</subfield>
  </datafield>
  <datafield tag="945" ind1=" " ind2=" ">
    <subfield code="f">S</subfield>
    <subfield code="a">716:G41hA</subfield>
    <subfield code="i">01029184</subfield>
    <subfield code="j">.i12997225</subfield>
    <subfield code="l">u0704</subfield>
  </datafield>
  <datafield tag="998" ind1=" " ind2=" ">
    <subfield code="a">u07</subfield>
    <subfield code="b">97-07-03</subfield>
    <subfield code="c">m</subfield>
    <subfield code="d">a  </subfield>
    <subfield code="e">-</subfield>
    <subfield code="f">ara</subfield>
    <subfield code="g">ua </subfield>
    <subfield code="h">0</subfield>
    <subfield code="i">1</subfield>
  </datafield>
</record>
</collection>
